
@book{clrs2009,
  title={Introduction to Algorithms},
  author={Cormen, Thomas H. and Leiserson, Charles E. and Rivest, Ronald L. and Stein, Clifford},
  year={2009},
  edition={3rd},
  isbn = {978-0-262-03384-8},
  publisher={The MIT Press},
  address = {Cambridge, MA, USA},
}

@article{allison1983stable,
  title={Stable marriages by coroutines},
  author={Allison, Lloyd},
  journal={Information Processing Letters},
  volume={16},
  number={2},
  pages={61--65},
  year={1983},
  publisher={Elsevier}
}

@book{Gusfield:1989:SMP:68392,
 author = {Gusfield, Dan and Irving, Robert W.},
 title = {The Stable Marriage Problem: Structure and Algorithms},
 year = {1989},
 isbn = {0-262-07118-5},
 publisher = {MIT Press},
 address = {Cambridge, MA, USA},
} 

@article{Durstenfeld,
 author = {Durstenfeld, R},
 title = {Random permutation (Algorithm 235)},
 year = {1964},
 publisher = {ACM},
} 

@techreport{michael1995simple,
  title={Simple, fast, and practical non-blocking and blocking concurrent queue algorithms.},
  author={Michael, Maged M and Scott, Michael L},
  year={1995},
  institution={Rochester Univ NY Dept Of Ccomputer Science}
}

@MISC{architectBenchmarking,
   author =       {Ponge, Julien},
   title =        {Avoiding Benchmarking Pitfalls on the JVM},
   editor =       {Oracle.com},
   month =        {July},
   year =         {2014},
   howpublished = {\url{https://www.oracle.com/technetwork/articles/java/architect-benchmarking-2266277.html}},
   note =         {[Online; posted July-2014]},
   lastaccessed = {November 28th, 2018}
 }

@misc{coroutinesoffbynull,
    title="Coroutines",
    author="offbynull",
    howpublished = {\url{https://github.com/offbynull/coroutines/}},
    lastaccessed= "November 28th, 2018"
}